@article{Einstein1905,
  author = {Albert Einstein},
  title = {On the Electrodynamics of Moving Bodies},
  journal = {Annalen der Physik},
  volume = {322},
  number = {10},
  pages = {891-921},
  year = {1905},
  publisher = {Wiley-VCH}
}